<record><leader>00000cas a22000007a 4500</leader><controlfield tag="001">14715571</controlfield><controlfield tag="008">861114d190119uutxudr ne      0    0eng d</controlfield><datafield ind1=" " ind2=" " tag="010"><subfield code="a">sn 86090177 </subfield></datafield><datafield ind1=" " ind2=" " tag="040"><subfield code="a">PPM</subfield><subfield code="b">eng</subfield><subfield code="c">PPM</subfield><subfield code="d">OCLCQ</subfield></datafield><datafield ind1=" " ind2=" " tag="042"><subfield code="a">msc</subfield></datafield><datafield ind1="0" ind2="0" tag="245"><subfield code="a">Timpson daily times.</subfield></datafield><datafield ind1=" " ind2=" " tag="260"><subfield code="a">Timpson, Tex. :</subfield><subfield code="b">T.J. Molloy</subfield></datafield><datafield ind1=" " ind2=" " tag="300"><subfield code="a">v. :</subfield><subfield code="b">ill. ;</subfield><subfield code="c">56 cm.</subfield></datafield><datafield ind1=" " ind2=" " tag="310"><subfield code="a">Daily (except Thur. &amp; Sun.)</subfield></datafield><datafield ind1="1" ind2=" " tag="362"><subfield code="a">Began in 1901?</subfield></datafield><datafield ind1=" " ind2=" " tag="588"><subfield code="a">Description based on: Vol. 41, no. 252 (Dec. 22, 1942).</subfield></datafield><datafield ind1=" " ind2=" " tag="752"><subfield code="a">United States</subfield><subfield code="b">Texas</subfield><subfield code="c">Shelby</subfield><subfield code="d">Timpson.</subfield></datafield><datafield ind1="0" ind2=" " tag="775"><subfield code="t">Timpson weekly times</subfield><subfield code="w">(DLC)sn 88083963</subfield></datafield></record>